<?xml version="1.0" encoding="UTF-8"?><collection xmlns="http://www.loc.gov/MARC21/slim"><record><leader>00468nam--2200133-i-4500</leader><controlfield tag="001">000020628</controlfield><controlfield tag="002">20161230</controlfield><controlfield tag="005">20161230201033</controlfield><controlfield tag="008">060222s1000------------r-----000-0-eng-d</controlfield><datafield ind1=" " ind2=" " tag="080"><subfield code="a">61(043)</subfield></datafield><datafield ind1=" " ind2=" " tag="100"><subfield code="a">Marius Christian Vasiliu</subfield></datafield><datafield ind1=" " ind2=" " tag="245"><subfield code="a">Etudes d`architectures de reseaux neuronaux a codage spatio-temporel de l`information. applications aux traitements de la parole et de sequences d`images</subfield></datafield><datafield ind1=" " ind2=" " tag="260"><subfield code="a">Universite De Paris-sud. Centre D`Orsay 170 P</subfield></datafield><datafield ind1=" " ind2=" " tag="852"><subfield code="a">80510</subfield></datafield></record></collection>